%% This BibTeX bibliography file was created using BibDesk.
%% http://bibdesk.sourceforge.net/


%% Created for Gerko Vink at 2014-10-01 20:52:58 +0200 


%% Saved with string encoding Unicode (UTF-8) 


\emergencystretch=1em

@article{Christensen2008,
	author = {Christensen, Jesper},
	year = {2008},
	month = {June},
	pages = {17-20},
	journal = {DRUID Conference on Entrepreneurship and Innovation},
	title = {Questioning the precision of statistical classifications of industries}
	}

@article{DeldenScholtusBurger,
	author = {Van Delden, Arnout and Scholtus, Sander and Burger, Joep},
	year = {2016},
	month = {September},
	pages = {619-642},
	title = {Accuracy of Mixed-Source Statistics as Affected by Classification Errors},
	volume = {32},
	journal = {Journal of official statistics},
	doi = {10.1515/jos-2016-0032}
	}

@inproceedings{VanDelden,
author = {Van Delden, Arnout and Scholtus, Sander and Burger, Joep},
year = {2016},
month = {November},
pages = {21-24},
title = {Exploring the Effect of Time-Related Classification Errors on the Accuracy of Growth Rates in Business Statistics},
journal={ICES V conference}
}

@article{Caterini,
	author = {Caterini, Giacomo},
	year = {2018},
	month = {},
	institution={Department of Economics and Management},
	journal = {},
	type={DEM Working Papers},
	url={https://ideas.repec.org/p/trn/utwprg/2018-09.html},
 	number={2018/09},
	keywords={Business Demography; Classification; Text Mining},
	doi={},	
	}

@article{Roelands,
	author = {Roelands, Maarten and Van Delden, Arnout and Windmeijer, Dick},
	year = {2017},
	month = {November},
	journal = {},
	type={Discussion Paper},
	pages = {},
	title = {Classifying businesses by economic activity using web-based text mining},	
	publisher = {Statistics Netherlands},
	}

@inproceedings{Berardi,
	author = {Berardi, Giacomo and Esuli, Andrea and Fagni, Tiziano and Sebastiani, Fabrizio},
 	title = {Classifying Websites by Industry Sector: A Study in Feature Design},
 	booktitle = {Proceedings of the 30th Annual ACM Symposium on Applied Computing},
	series = {SAC '15},
	year = {2015},
	isbn = {978-1-4503-3196-8},
	location = {Salamanca, Spain},
	pages = {1053--1059},
	url = {http://doi.acm.org/10.1145/2695664.2695722},
	doi = {10.1145/2695664.2695722},
	acmid = {2695722},
	publisher = {ACM},
	address = {New York, NY, USA},
	keywords = {industry sectors, website classification},
	} 

@article{Angelova,
	author={A. {Angelova} and Y. {Abu-Mostafam} and P. {Perona}},
	year = {2005},
	month = {June},
	pages={494-501},
	title={Pruning training sets for learning of object categories},
	volume = {1},
	journal = {IEEE Computer Society Conference on Computer Vision and Pattern Recognition (CVPR'05)},
	doi={10.1109/CVPR.2005.283},
	}


@InProceedings{Frenay2,
	author = {Frénay, Benoît and Verleysen, Michel and de Lannoy, Gael},
	year = {2014},
	month = {May},
	pages = {845-869},
	title = {Label Noise-Tolerant Hidden Markov Models for Segmentation: Application to ECGs},
	booktitle="Machine Learning and Knowledge Discovery in Databases",
	year="2011",
	publisher="Springer Berlin Heidelberg",
	address="Berlin, Heidelberg",
	pages="455--470",
	isbn="978-3-642-23780-5"
	}


@article{Frenay,
	author = {Frénay, Benoît and Verleysen, Michel},
	year = {2014},
	month = {May},
	pages = {845-869},
	title = {Classification in the Presence of Label Noise: A Survey},
	volume = {25},
	journal = {IEEE Transactions on Neural Networks and Learning Systems},
	doi = {10.1109/TNNLS.2013.2292894}
	}

@article{Sigurdsson,
	author = {Sigurdsson, S and Larsen, Jan and Hansen, L. and Philipsen, Peter and Wulf, Hans},
	year = {2002},
	month = {May},
	pages = {},
	journal = {IEEE International Conference on Acoustics Speech and Signal Processing},	
	title = {Outlier estimation and detection application to skin lesion classification},
	volume = {1},
	doi = {10.1109/ICASSP.2002.5743975}
	}

@article{Rantalainen,
	author = {Rantalainen, M and Holmes, C},
	year = {2011},
	journal={Journal of proteome research},
	pages = {5562-5567},
	title = {Accounting for control mislabeling in case–control biomarker studies}
	}

@article{Eskin,
	author = {Eskin, Eleazar},
	year = {2002},
	month = {April},
	journal = {Proceedings of the 1st North American chaper of the Association for Computational Linguistics conference},	
	pages = {148-153},
	title = {Detecting Errors within a Corpus using Anomaly Detection}
}

@article{DiZio,
	author = {Guarnera, Ugo and Zio, Marco},
	year = {2013},
	month = {December},
	pages = {},
	title = {A Contamination Model for Selective Editing},
	volume = {29},
	journal = {Journal of official statistics},
	doi = {10.2478/jos-2013-0039}
}

@article{Bootkrajang,
	author = {Bootkrajang, Jakramate and Kaban,  Ata},
	year = {2012},
	month = {September},
	pages = {143-158},
	journal = {Joint European conference on machine learning and knowledge discovery in databases},
	title = { Label-noise robust logistic regression and its applications},
	publisher={Springer Berlin Heidelberg}
}

@article{Pech,
	author = {Pechenizkiy, Mykola and Tsymbal, Alexey and Puuronen, Seppo and Pechenizkiy, Oleksandr},
	year = {2006},
	month = {June},
	pages = {708-713},
	journal = {19th IEEE Symposium on Computer-Based Medical Systems (CBMS'06)},
	title = { Class noise and supervised learning in medical domains: The effect of feature extraction.}
}

@Article{Nettleton,
	author="Nettleton, David F.
		and Orriols-Puig, Albert
		and Fornells, Albert",
	title="A study of the effect of different types of noise on the precision of supervised learning techniques",
	journal="Artificial Intelligence Review",	
	year="2010",
	month="April",
	volume="33",
	number="4",
	pages="275--306",
	doi="10.1007/s10462-010-9156-z",
	url="https://doi.org/10.1007/s10462-010-9156-z"
}

@article{Brodley,
 	author = {Brodley, Carla E. and Friedl, Mark A.},
	 title = {Identifying Mislabeled Training Data},
	 journal = {Journal of artificial intelligence research},
	 volume = {11},
 	number = {1},
	 month = jul,
	 year = {1999},
	 issn = {1076-9757},
	 pages = {131--167},	
	 numpages = {37},
	 url = {http://dl.acm.org/citation.cfm?id=3013545.3013548},
	 acmid = {3013548},
	 publisher = {AI Access Foundation},
	 address = {USA},
} 

@InProceedings{Stempfel,
	author="Stempfel, Guillaume
	and Ralaivola, Liva",
	editor="Alippi, Cesare
	and Polycarpou, Marios
	and Panayiotou, Christos
	and Ellinas, Georgios",
	title="Learning SVMs from Sloppily Labeled Data",
	booktitle="Artificial Neural Networks -- ICANN 2009",
	year="2009",
	publisher="Springer Berlin Heidelberg",
	address="Berlin, Heidelberg",
	pages="884--893",
	isbn="978-3-642-04274-4"
}

@article{Sukhbaatar,
	author = {Sukhbaatar, Sainbayar and Fergus, Rob},
	year = {2014},
	month = {June},
	pages = {},
	title = {Learning from Noisy Labels with Deep Neural Networks}
}


@article{Rubin,
	 ISSN = {00359246},
	 URL = {http://www.jstor.org/stable/2984875},
 	author = {A. P. Dempster and N. M. Laird and D. B. Rubin},
 	journal = {Journal of the Royal Statistical Society. Series B (Methodological)},
	 number = {1},
	 pages = {1--38},
	 publisher = {[Royal Statistical Society, Wiley]},
	 title = {Maximum Likelihood from Incomplete Data via the EM Algorithm},
	 volume = {39},
	 year = {1977}
}


@unpublished{Heidi,
	author = {Heidi Kuhnemann},
	title = {Web-based text mining approaches to the classification of economic activity},
	note = {Unpublished Manuscript},
	year = {2019},
	month = {May}
}

@article{sklearn,
 	title={Scikit-learn: Machine Learning in {P}ython},
	author={Pedregosa, F. and Varoquaux, G. and Gramfort, A. and Michel, V.
         		and Thirion, B. and Grisel, O. and Blondel, M. and Prettenhofer, P.
        		and Weiss, R. and Dubourg, V. and Vanderplas, J. and Passos, A. and
         		Cournapeau, D. and Brucher, M. and Perrot, M. and Duchesnay, E.},
	 journal={Journal of Machine Learning Research},
	 volume={12},
	 pages={2825--2830},
	year={2011}
}

@Article{Nigam,
	author={Nigam, Kamal
		and Mccallum, Andrew Kachites
		and Thrun, Sebastian
		and Mitchell, Tom},
	title={Text Classification from Labeled and Unlabeled Documents using EM},
	journal={Machine Learning},
	year={2000},
	month={May},
	volume={39},
	number={2},
	pages={103--134},
	doi={10.1023/A:1007692713085},
	url={https://doi.org/10.1023/A:1007692713085}
}


@article{Biggio,
author = {Biggio, Battista and Nelson, Blaine and Laskov, Pavel},
year = {2011},
month = {januari},
pages = {97-112},
title = {Support Vector Machines Under Adversarial Label Noise.},
volume = {20},
journal = {Journal of Machine Learning Research - Proceedings Track}
}
